<?xml version="1.0" encoding="UTF-8"?><collection xmlns="http://www.loc.gov/MARC21/slim"><record><leader>00410nam--2200157-i-4500</leader><controlfield tag="001">000032798</controlfield><controlfield tag="002">20161230</controlfield><controlfield tag="005">20170304153451</controlfield><controlfield tag="008">060222s1000------------r-----000-0-eng-d</controlfield><datafield ind1=" " ind2=" " tag="080"><subfield code="a">537.87:621.38.029.6</subfield></datafield><datafield ind1=" " ind2=" " tag="245"><subfield code="a">Microwave theory and techniques</subfield></datafield><datafield ind1=" " ind2=" " tag="260"><subfield code="a">Princeton</subfield><subfield code="b">D.Van Nostrand Comp.Inc</subfield><subfield code="c">1953</subfield></datafield><datafield ind1=" " ind2=" " tag="300"><subfield code="a">XIII+902 p</subfield></datafield><datafield ind1=" " ind2=" " tag="700"><subfield code="a">Reich, Herbert J</subfield></datafield><datafield ind1=" " ind2=" " tag="852"><subfield code="a">77169</subfield></datafield><datafield ind1=" " ind2=" " tag="CAT"><subfield code="a">SYS</subfield><subfield code="c">20170304</subfield><subfield code="h">153451</subfield></datafield></record></collection>